@Book{brooks:manmonth,
  author =       {Frederick P. Brooks},
  title =        {The Mythical Man-Month},
  publisher =    {Addison-Wesley},
  year =         {1995},
  ISBN = {0201835959},
  address =      {Reading, MA},
  edition =      {{A}nniversary},
}
